<record><leader>00000cas a22000007a 4500</leader><controlfield tag="001">21128331</controlfield><controlfield tag="008">900227d190719uucouwr ne      0    0eng d</controlfield><datafield ind1=" " ind2=" " tag="010"><subfield code="a">sn 90051086 </subfield></datafield><datafield ind1=" " ind2=" " tag="040"><subfield code="a">CNQ</subfield><subfield code="b">eng</subfield><subfield code="c">CNQ</subfield><subfield code="d">OCLCQ</subfield></datafield><datafield ind1=" " ind2=" " tag="042"><subfield code="a">msc</subfield></datafield><datafield ind1="0" ind2="4" tag="245"><subfield code="a">The Crawford chronicle.</subfield></datafield><datafield ind1=" " ind2=" " tag="260"><subfield code="a">Crawford, Colo. :</subfield><subfield code="b">William Hopkins</subfield></datafield><datafield ind1=" " ind2=" " tag="300"><subfield code="a">v.</subfield></datafield><datafield ind1=" " ind2=" " tag="310"><subfield code="a">Weekly</subfield></datafield><datafield ind1="0" ind2=" " tag="362"><subfield code="a">Vol. 1, no. 1 (July 19, 1907)-</subfield></datafield><datafield ind1=" " ind2=" " tag="530"><subfield code="a">Available on microfilm from the Colorado Historical Society.</subfield></datafield><datafield ind1=" " ind2=" " tag="752"><subfield code="a">United States</subfield><subfield code="b">Colorado</subfield><subfield code="c">Delta</subfield><subfield code="d">Crawford.</subfield></datafield><datafield ind1="0" ind2="7" tag="785"><subfield code="t">Hotchkiss herald</subfield><subfield code="w">(DLC)sn 86063148</subfield></datafield><datafield ind1="0" ind2="7" tag="785"><subfield code="t">North Fork herald-chronicle</subfield><subfield code="w">(DLC)sn 91051086</subfield></datafield></record>